@article{von2014hitting,
  title={Hitting and commute times in large random neighborhood graphs},
  author={Von Luxburg, U. and Radl, A. and Hein, M.},
  journal={The Journal of Machine Learning Research},
  volume={15},
  number={1},
  pages={1751--1798},
  year={2014},
  publisher={JMLR. org}
}

@incollection{chebotarev2013studying,
  title={Studying new classes of graph metrics},
  author={Chebotarev, P.},
  booktitle={Geometric Science of Information},
  pages={207--214},
  year={2013},
  publisher={Springer}
}

@article{chebotarev2005duality,
  title={On a Duality between Metrics and $\Sigma$-Proximities},
  author={Chebotarev, P. and Shamis, E.},
  journal={Automation and Remote Control},
  volume={59},
  number={4},
  pages={608--612},
  year={1998}
}

@article{chebotarev2011class,
  title={A class of graph-geodetic distances generalizing the shortest-path and the resistance distances},
  author={Chebotarev, P.},
  journal={Discrete Applied Mathematics},
  volume={159},
  number={5},
  pages={295--302},
  year={2011},
  publisher={Elsevier}
}

@article{alamgir2012shortest,
  title={Shortest path distance in random k-nearest neighbor graphs},
  author={Alamgir, M. and von Luxburg, U.},
  journal={arXiv preprint arXiv:1206.6381},
  year={2012}
}

@article{chebotarev2002forest,
  title={The forest metrics for graph vertices},
  author={Chebotarev, P. and Shamis, E.},
  journal={Electronic Notes in Discrete Mathematics},
  volume={11},
  pages={98--107},
  year={2002},
  publisher={Elsevier}
}

@article{estrada2012communicability,
  title={The communicability distance in graphs},
  author={Estrada, E.},
  journal={Linear Algebra and its Applications},
  volume={436},
  number={11},
  pages={4317--4328},
  year={2012},
  publisher={Elsevier}
}

@article{kivimaki2014developments,
  title={Developments in the theory of randomized shortest paths with a comparison of graph node distances},
  author={Kivim{\"a}ki, I. and Shimbo, M. and Saerens, M.},
  journal={Physica A: Statistical Mechanics and its Applications},
  volume={393},
  pages={600--616},
  year={2014},
  publisher={Elsevier}
}

@article{floyd1962algorithm,
  title={Algorithm 97: shortest path},
  author={Floyd, R. W.},
  journal={Communications of the ACM},
  volume={5},
  number={6},
  pages={345},
  year={1962},
  publisher={ACM}
}

@inproceedings{avrachenkov2012generalized,
  title={Generalized optimization framework for graph-based semi-supervised learning},
  author={Avrachenkov, K. and Gon{\c{c}}alves, P. and Mishenin, A. and Sokol, M.},
  booktitle={Proceedings of SIAM Conference on Data Mining (SDM 2012)},
  volume={9},
  year={2012},
  organization={SIAM}
}

@article{chebotarev2012walk,
  title={The walk distances in graphs},
  author={Chebotarev, P.},
  journal={Discrete Applied Mathematics},
  volume={160},
  number={10},
  pages={1484--1500},
  year={2012},
  publisher={Elsevier}
}

@article{chebotarev2002forest,
  title={The forest metrics for graph vertices},
  author={Chebotarev, P. and Shamis, E.},
  journal={Electronic Notes in Discrete Mathematics},
  volume={11},
  pages={98--107},
  year={2002},
  publisher={Elsevier}
}

@article{chebotarev2011bottleneck,
  title={The graph bottleneck identity},
  author={Chebotarev, P.},
  journal={Advances in Applied Mathematics},
  volume={47},
  number={3},
  pages={403--413},
  year={2011},
  publisher={Elsevier}
}